<record><leader>00000cas a2200000 a 4500</leader><controlfield tag="001">28102104</controlfield><controlfield tag="008">930513c19889999iludn ne      0   a0eng c</controlfield><datafield ind1=" " ind2=" " tag="010"><subfield code="a">sn 93055695 </subfield></datafield><datafield ind1=" " ind2=" " tag="040"><subfield code="a">NVF</subfield><subfield code="b">eng</subfield><subfield code="c">NVF</subfield><subfield code="d">NVF</subfield><subfield code="d">OCLCQ</subfield><subfield code="d">OCLCF</subfield><subfield code="d">NVF</subfield><subfield code="d">OCLCO</subfield></datafield><datafield ind1="1" ind2=" " tag="029"><subfield code="a">AU@</subfield><subfield code="b">000020743572</subfield></datafield><datafield ind1=" " ind2=" " tag="042"><subfield code="a">pcc</subfield></datafield><datafield ind1=" " ind2=" " tag="043"><subfield code="a">n-us-il</subfield></datafield><datafield ind1="0" ind2=" " tag="130"><subfield code="a">Macomb journal (Macomb, Ill. : 1988)</subfield></datafield><datafield ind1="1" ind2="0" tag="245"><subfield code="a">Macomb journal.</subfield></datafield><datafield ind1=" " ind2=" " tag="260"><subfield code="a">Macomb, Ill. :</subfield><subfield code="b">Park Newspapers of Illinois, Inc.,</subfield><subfield code="c">1988-</subfield></datafield><datafield ind1=" " ind2=" " tag="300"><subfield code="a">v.</subfield></datafield><datafield ind1=" " ind2=" " tag="310"><subfield code="a">Daily (except Saturday)</subfield></datafield><datafield ind1="0" ind2=" " tag="362"><subfield code="a">132 year, no. 117 (July 28, 1988)-135th year, no. 230 (Dec. 13, 1991) ; Dec. 14, 1991-</subfield></datafield><datafield ind1=" " ind2="0" tag="651"><subfield code="a">Macomb (Ill.)</subfield><subfield code="v">Newspapers.</subfield></datafield><datafield ind1=" " ind2="7" tag="651"><subfield code="a">Illinois</subfield><subfield code="z">Macomb.</subfield><subfield code="2">fast</subfield><subfield code="0">(OCoLC)fst01202916</subfield></datafield><datafield ind1=" " ind2="7" tag="655"><subfield code="a">Newspapers.</subfield><subfield code="2">fast</subfield><subfield code="0">(OCoLC)fst01423814</subfield></datafield><datafield ind1=" " ind2=" " tag="752"><subfield code="a">United States</subfield><subfield code="b">Illinois</subfield><subfield code="c">McDonough</subfield><subfield code="d">Macomb.</subfield></datafield><datafield ind1="0" ind2="0" tag="780"><subfield code="t">Macomb daily journal (Macomb, Ill. : 1895)</subfield><subfield code="w">(DLC)sn 93055694</subfield><subfield code="w">(OCoLC)28101928</subfield></datafield></record>